@article{falcke1999viewing,
	title={Viewing the shadow of the black hole at the galactic center},
	author={Falcke, Heino and Melia, Fulvio and Agol, Eric},
	journal={The Astrophysical Journal},
	volume={528},
	number={1},
	pages={L13},
	year={1999},
	publisher={IOP Publishing}
}

@article{hawking1966occurrence,
	title={The occurrence of singularities in cosmology},
	author={Hawking, Stephen William},
	journal={Proceedings of the Royal Society of London. Series A. Mathematical and Physical Sciences},
	volume={294},
	number={1439},
	pages={511--521},
	year={1966},
	publisher={The Royal Society London}
}

@article{penrose1965gravitational,
	title={Gravitational collapse and space-time singularities},
	author={Penrose, Roger},
	journal={Physical Review Letters},
	volume={14},
	number={3},
	pages={57},
	year={1965},
	publisher={APS}
}